@BOOK{dddq,
  title     = "Domain Driven Design Quickly",
  author    = "{InfoQ Team}",
  publisher = "Lulu.com",
  month     =  jun,
  year      =  2006,
  address   = "Morrisville, NC"
}

@BOOK{dddfull,
  title     = "Domain-driven design",
  author    = "Evans, Eric",
  publisher = "Addison-Wesley Educational",
  month     =  aug,
  year      =  2003,
  address   = "Boston, MA",
  language  = "en"
}

@online{nestjsdocs,
    title = {{NestJS Documentation}},
    author = {{NestJs}},
    organization = {{NestJS}},
    year = {2023},
    url = {https://docs.nestjs.com/},
}

@online{mongoosedocs,
    title = {{Mongoose documentation}},
    author = {{Mongoose}},
    organization = {{Mongoose}},
    year = {2023},
    url = {https://mongoosejs.com/docs/},
}

@online{automapperjsdocs,
    title = {{@automapper/js documentation}},
    author = {{tsautomapper}},
    organization = {{tsautomaper}},
    year = {2023},
    url = {https://automapperts.netlify.app/},
}


@online{expressjsdocs,
    title = {{Express.js Documentation}},
    author = {{express.js}},
    year = {2023},
    url = {https://expressjs.com},
}

@online{msrepository,
    title = {{Microsoft Dotnet architecture}},
    author = {{Microsoft}},
    year = {2023},
    url = {https://learn.microsoft.com/en-us/dotnet/architecture/microservices/microservice-ddd-cqrs-patterns/infrastructure-persistence-layer-design},
}

@BOOK{restapi, title={Rest api design rulebook}, url={https://www.oreilly.com/library/view/rest-api-design/9781449317904/pr03.html}, journal={O’Reilly Online Learning}, publisher={O’Reilly Media, Inc.}, author={Masse, Mark}} 

@BOOK{dbmodelinganddesign,
  title     = "Database modeling and design",
  author    = "Teorey, Toby J",
  publisher = "Morgan Kaufmann",
  series    = "The Morgan Kaufmann Series in Data Management Systems",
  edition   =  5,
  month     =  oct,
  year      =  2005,
  address   = "Oxford, England",
  language  = "en"
}
